@inproceedings{lu2017multi,
  title={Multi-model Data Management: What's New and What's Next?},
  author={Lu, Jiaheng and Holubov{\'a}, Irena},
  booktitle={EDBT},
  pages={602--605},
  year={2017}
}

@Article{brown:96,
  author = 	 {A.W. Brown and K. C. Wallnau},
  title = 	 {A Framework for Evaluating Software Technology},
  journal = 	 {IEEE Software},
  year = 	 1996,
  volume = 	 13,
  number = 	 5,
  pages = 	 {39-49},
  month = 	 {September}}


